


% Semi-Supervised based
@misc{Zhang2021,
  doi = {10.48550/ARXIV.2106.00417},
  url = {https://arxiv.org/abs/2106.00417},
  author = {Zhang, Yabin and Zhang, Haojian and Deng, Bin and Li, Shuai and Jia, Kui and Zhang, Lei},
  title = {Semi-supervised Models are Strong Unsupervised Domain Adaptation Learners},
  publisher = {arXiv},
  year = {2021}, 
  copyright = {Creative Commons Attribution Non Commercial Share Alike 4.0 International}
}

% Self-training based
@misc{Qiu2021,
  doi = {10.48550/ARXIV.2108.10840},
  url = {https://arxiv.org/abs/2108.10840},
  author = {Qiu, Shuhao and Zhu, Chuang and Zhou, Wenli},
  title = {Meta Self-Learning for Multi-Source Domain Adaptation: A Benchmark},
  publisher = {arXiv},
  year = {2021}, 
  copyright = {arXiv.org perpetual, non-exclusive license}
}

@misc{Deng2021,
  doi = {10.48550/ARXIV.2106.09890},
  url = {https://arxiv.org/abs/2106.09890},
  author = {Zhang, Yabin and Deng, Bin and Jia, Kui and Zhang, Lei},
  title = {Gradual Domain Adaptation via Self-Training of Auxiliary Models},
  publisher = {arXiv},
  year = {2021},  
  copyright = {Creative Commons Attribution Non Commercial No Derivatives 4.0 International}
}


% Self-Supervised based
@misc{Sun2019,
  doi = {10.48550/ARXIV.1909.11825},
  url = {https://arxiv.org/abs/1909.11825},
  author = {Sun, Yu and Tzeng, Eric and Darrell, Trevor and Efros, Alexei A.},
  title = {Unsupervised Domain Adaptation through Self-Supervision},
  publisher = {arXiv},
  year = {2019},
  copyright = {Creative Commons Zero v1.0 Universal}
}

@InProceedings{Xie2020,
author="Xie, Xinpeng
and Chen, Jiawei
and Li, Yuexiang
and Shen, Linlin
and Ma, Kai
and Zheng, Yefeng",
editor="Vedaldi, Andrea
and Bischof, Horst
and Brox, Thomas
and Frahm, Jan-Michael",
title="Self-Supervised CycleGAN for Object-Preserving Image-to-Image Domain Adaptation",
booktitle="Computer Vision -- ECCV 2020",
year="2020",
publisher="Springer International Publishing",
address="Cham",
pages="498--513",
}

@article{Ganin2015,
  doi = {10.48550/ARXIV.1505.07818},
  
  url = {https://arxiv.org/abs/1505.07818},
  
  author = {Ganin, Yaroslav and Ustinova, Evgeniya and Ajakan, Hana and Germain, Pascal and Larochelle, Hugo and Laviolette, Fran√ßois and Marchand, Mario and Lempitsky, Victor},
  
  keywords = {Machine Learning (stat.ML), Machine Learning (cs.LG), Neural and Evolutionary Computing (cs.NE), FOS: Computer and information sciences, FOS: Computer and information sciences},
  
  title = {Domain-Adversarial Training of Neural Networks},
  
  publisher = {arXiv},
  
  year = {2015},
  
  copyright = {arXiv.org perpetual, non-exclusive license}
}

@misc{Tzeng2017,
  doi = {10.48550/ARXIV.1702.05464},
  
  url = {https://arxiv.org/abs/1702.05464},
  
  author = {Tzeng, Eric and Hoffman, Judy and Saenko, Kate and Darrell, Trevor},
  
  keywords = {Computer Vision and Pattern Recognition (cs.CV), FOS: Computer and information sciences, FOS: Computer and information sciences},
  
  title = {Adversarial Discriminative Domain Adaptation},
  
  publisher = {arXiv},
  
  year = {2017},
  
  copyright = {arXiv.org perpetual, non-exclusive license}
}

@misc{Long2017,
  doi = {10.48550/ARXIV.1705.10667},
  
  url = {https://arxiv.org/abs/1705.10667},
  
  author = {Long, Mingsheng and Cao, Zhangjie and Wang, Jianmin and Jordan, Michael I.},
  
  keywords = {Machine Learning (cs.LG), FOS: Computer and information sciences, FOS: Computer and information sciences},
  
  title = {Conditional Adversarial Domain Adaptation},
  
  publisher = {arXiv},
  
  year = {2017},
  
  copyright = {arXiv.org perpetual, non-exclusive license}
}

@misc{Bousmalis2016,
  doi = {10.48550/ARXIV.1612.05424},
  
  url = {https://arxiv.org/abs/1612.05424},
  
  author = {Bousmalis, Konstantinos and Silberman, Nathan and Dohan, David and Erhan, Dumitru and Krishnan, Dilip},
  
  keywords = {Computer Vision and Pattern Recognition (cs.CV), FOS: Computer and information sciences, FOS: Computer and information sciences},
  
  title = {Unsupervised Pixel-Level Domain Adaptation with Generative Adversarial Networks},
  
  publisher = {arXiv},
  
  year = {2016},
  
  copyright = {arXiv.org perpetual, non-exclusive license}
}

@misc{Sankaranarayanan2017,
  doi = {10.48550/ARXIV.1704.01705},
  
  url = {https://arxiv.org/abs/1704.01705},
  
  author = {Sankaranarayanan, Swami and Balaji, Yogesh and Castillo, Carlos D. and Chellappa, Rama},
  
  keywords = {Computer Vision and Pattern Recognition (cs.CV), FOS: Computer and information sciences, FOS: Computer and information sciences},
  
  title = {Generate To Adapt: Aligning Domains using Generative Adversarial Networks},
  
  publisher = {arXiv},
  
  year = {2017},
  
  copyright = {arXiv.org perpetual, non-exclusive license}
}

@misc{Hoffman2017,
  doi = {10.48550/ARXIV.1711.03213},
  
  url = {https://arxiv.org/abs/1711.03213},
  
  author = {Hoffman, Judy and Tzeng, Eric and Park, Taesung and Zhu, Jun-Yan and Isola, Phillip and Saenko, Kate and Efros, Alexei A. and Darrell, Trevor},
  
  keywords = {Computer Vision and Pattern Recognition (cs.CV), FOS: Computer and information sciences, FOS: Computer and information sciences},
  
  title = {CyCADA: Cycle-Consistent Adversarial Domain Adaptation},
  
  publisher = {arXiv},
  
  year = {2017},
  
  copyright = {arXiv.org perpetual, non-exclusive license}
}

@misc{Russo2017,
  doi = {10.48550/ARXIV.1705.08824},
  
  url = {https://arxiv.org/abs/1705.08824},
  
  author = {Russo, Paolo and Carlucci, Fabio Maria and Tommasi, Tatiana and Caputo, Barbara},
  
  keywords = {Computer Vision and Pattern Recognition (cs.CV), FOS: Computer and information sciences, FOS: Computer and information sciences},
  
  title = {From source to target and back: symmetric bi-directional adaptive GAN},
  
  publisher = {arXiv},
  
  year = {2017},
  
  copyright = {arXiv.org perpetual, non-exclusive license}
}

@misc{Wang2020,
  doi = {10.48550/ARXIV.2007.09222},
  
  url = {https://arxiv.org/abs/2007.09222},
  
  author = {Wang, Haoran and Shen, Tong and Zhang, Wei and Duan, Lingyu and Mei, Tao},
  
  keywords = {Computer Vision and Pattern Recognition (cs.CV), FOS: Computer and information sciences, FOS: Computer and information sciences},
  
  title = {Classes Matter: A Fine-grained Adversarial Approach to Cross-domain Semantic Segmentation},
  
  publisher = {arXiv},
  
  year = {2020},
  
  copyright = {arXiv.org perpetual, non-exclusive license}
}

@misc{Chen2022,
    title={Reusing the Task-specific Classifier as a Discriminator: Discriminator-free Adversarial Domain Adaptation},
    author={Lin Chen and Huaian Chen and Zhixiang Wei and Xin Jin and Xiao Tan and Yi Jin and Enhong Chen},
    year={2022},
    eprint={2204.03838},
    archivePrefix={arXiv},
    primaryClass={cs.CV}
}

@misc{WangZhang2020,
  doi = {10.48550/ARXIV.2006.00223},
  
  url = {https://arxiv.org/abs/2006.00223},
  
  author = {Wang, Shanshan and Zhang, Lei},
  
  keywords = {Computer Vision and Pattern Recognition (cs.CV), Machine Learning (cs.LG), FOS: Computer and information sciences, FOS: Computer and information sciences},
  
  title = {Self-adaptive Re-weighted Adversarial Domain Adaptation},
  
  publisher = {arXiv},
  
  year = {2020},
  
  copyright = {arXiv.org perpetual, non-exclusive license}
}

@misc{Chen2020,
  doi = {10.48550/ARXIV.2001.01046},
  
  url = {https://arxiv.org/abs/2001.01046},
  
  author = {Chen, Minghao and Zhao, Shuai and Liu, Haifeng and Cai, Deng},
  
  keywords = {Computer Vision and Pattern Recognition (cs.CV), Machine Learning (cs.LG), FOS: Computer and information sciences, FOS: Computer and information sciences},
  
  title = {Adversarial-Learned Loss for Domain Adaptation},
  
  publisher = {arXiv},
  
  year = {2020},
  
  copyright = {Creative Commons Attribution 4.0 International}
}

@misc{Wei2021,
  doi = {10.48550/ARXIV.2103.13575},
  
  url = {https://arxiv.org/abs/2103.13575},
  
  author = {Wei, Guoqiang and Lan, Cuiling and Zeng, Wenjun and Chen, Zhibo},
  
  keywords = {Computer Vision and Pattern Recognition (cs.CV), FOS: Computer and information sciences, FOS: Computer and information sciences},
  
  title = {MetaAlign: Coordinating Domain Alignment and Classification for Unsupervised Domain Adaptation},
  
  publisher = {arXiv},
  
  year = {2021},
  
  copyright = {Creative Commons Attribution 4.0 International}
}

@article{Gao2021,
  title={Gradient Distribution Alignment Certificates Better Adversarial Domain Adaptation},
  author={Zuodong Gao and Shufei Zhang and Kaizhu Huang and Qiufeng Wang and Chaoliang Zhong},
  journal={2021 IEEE/CVF International Conference on Computer Vision (ICCV)},
  year={2021},
  pages={8917-8926}
}

@misc{Jin2021,
  doi = {10.48550/ARXIV.2103.11661},
  
  url = {https://arxiv.org/abs/2103.11661},
  
  author = {Jin, Xin and Lan, Cuiling and Zeng, Wenjun and Chen, Zhibo},
  
  keywords = {Computer Vision and Pattern Recognition (cs.CV), FOS: Computer and information sciences, FOS: Computer and information sciences},
  
  title = {Re-energizing Domain Discriminator with Sample Relabeling for Adversarial Domain Adaptation},
  
  publisher = {arXiv},
  
  year = {2021},
  
  copyright = {Creative Commons Zero v1.0 Universal}
}

@misc{Rangwani2022,
  doi = {10.48550/ARXIV.2206.08213},
  
  url = {https://arxiv.org/abs/2206.08213},
  
  author = {Rangwani, Harsh and Aithal, Sumukh K and Mishra, Mayank and Jain, Arihant and Babu, R. Venkatesh},
  
  keywords = {Machine Learning (cs.LG), Computer Vision and Pattern Recognition (cs.CV), FOS: Computer and information sciences, FOS: Computer and information sciences},
  
  title = {A Closer Look at Smoothness in Domain Adversarial Training},
  
  publisher = {arXiv},
  
  year = {2022},
  
  copyright = {Creative Commons Attribution 4.0 International}
}

